@article{Kostenko_2017,
  title     = {Алгоритмы комбинаторной оптимизации, сочетающие жадные стратегии и ограниченный перебор},
  author    = {Костенко, В А},
  journal   = {Известия Российской академии наук. Теория и системы управления},
  publisher = {Akademizdatcenter Nauka},
  number    = 2,
  pages     = {48--56},
  year      = 2017
}

@book{Coffman,
  title     = {Computer and job-shop scheduling theory},
  author    = {Coffman, Edward G},
  publisher = {John Wiley \& Sons},
  isbn      = {0471163198},
  month     = feb,
  year      = 1976,
  address   = {Nashville, TN},
  language  = {en}
}

@book{Cormen,
  author    = {Cormen, Thomas H. and Leiserson, Charles E. and Rivest, Ronald L. and Stein, Clifford},
  edition   = {2nd},
  isbn      = {0262032937},
  publisher = {The MIT Press},
  timestamp = {2009-02-18T15:27:17.000+0100},
  title     = {Introduction to Algorithms},
  year      = 2001
}

@article{Shakhbazyan_1981,
  title    = {Обзор методов составления расписаний для многопроцессорных систем},
  author   = {К.В. Шахбазян, Т.А. Тушкина },
  journal  = {Журнал советской математики},
  volume   = 15,
  number   = 5,
  pages    = {651--669},
  year     = 1981,
  language = {en}
}

@article{Davis_2011,
  author    = {Davis, Robert I. and Burns, Alan},
  title     = {A Survey of Hard Real-Time Scheduling for Multiprocessor Systems},
  year      = {2011},
  volume    = {43},
  number    = {4},
  journal   = {ACM Computing Surveys},
  month     = {oct},
  articleno = {35},
  numpages  = {44}
}

@diplima{Kalashnikov_2004,
  author = {Калашников, А. В.},
  title  = {Алгоритмы оптимизации расписаний, основанные на исправлении неоптимальных фрагментов},
  year   = 2004
}

@article{Shtovba_2005,
  author  = {Штовба, С. Д.},
  journal = {Exponenta Pro. Математика в приложениях},
  number  = {4},
  title   = {Муравьиные алгоритмы},
  pages   = {70--75},
  year    = {2003}
}

@article{Kirkpatrick_1983,
  author  = {Rzadca K., Seredynski F.},
  journal = {IEEE Congress on Evolutionary Computation},
  title   = {Heterogeneous Multiprocessor Scheduling with Differential Evolution},
  volume  = {3},
  year    = {2005}
}

@online{Repository,
  author  = {Ilya Savitsky},
  title   = {multiprocessor-scheduling},
  url     = {https://github.com/ipsavitsky/multiprocessor-scheduling/tree/main/code},
  urldate = {2022-05-23}
}

@online{Hyperopt,
  title = {Hyperopt: Distributed Asynchronous Hyper-parameter Optimization},
  url = {http://hyperopt.github.io/hyperopt/},
  urldate = {2022-05-24}
}