@article{Kostenko_2017,
  title     = {Алгоритмы комбинаторной оптимизации, сочетающие жадные стратегии и ограниченный перебор},
  author    = {Костенко, В А},
  journal   = {Известия Российской академии наук. Теория и системы управления},
  publisher = {Akademizdatcenter Nauka},
  number    = 2,
  pages     = {48--56},
  year      = 2017
}

@book{Coffman,
  title     = {Computer and job-shop scheduling theory},
  author    = {Coffman, Edward G},
  publisher = {John Wiley \& Sons},
  isbn      = {0471163198},
  month     = feb,
  year      = 1976,
  address   = {Nashville, TN},
  language  = {en}
}

@book{Cormen,
  author    = {Cormen, Thomas H. and Leiserson, Charles E. and Rivest, Ronald L. and Stein, Clifford},
  edition   = {2nd},
  isbn      = {0262032937},
  publisher = {The MIT Press},
  timestamp = {2009-02-18T15:27:17.000+0100},
  title     = {Introduction to Algorithms},
  year      = 2001
}

@article{Shakhbazyan_1981,
  title    = {Обзор методов составления расписаний для многопроцессорных систем},
  author   = {К.В. Шахбазян, Т.А. Тушкина },
  journal  = {Журнал советской математики},
  volume   = 15,
  number   = 5,
  pages    = {651--669},
  year     = 1981,
  language = {en}
}

@article{Davis_2011,
  author    = {Davis, Robert I. and Burns, Alan},
  title     = {A Survey of Hard Real-Time Scheduling for Multiprocessor Systems},
  year      = {2011},
  volume    = {43},
  number    = {4},
  journal   = {ACM Computing Surveys},
  month     = {10},
  articleno = {35},
  numpages  = {44}
}

@diplima{Kalashnikov_2004,
  author = {Калашников, А. В.},
  title  = {Алгоритмы оптимизации расписаний, основанные на исправлении неоптимальных фрагментов},
  year   = 2004
}

@article{Shtovba_2005,
  author  = {Штовба, С. Д.},
  journal = {Exponenta Pro. Математика в приложениях},
  number  = {4},
  title   = {Муравьиные алгоритмы},
  pages   = {70--75},
  year    = {2003}
}

@article{Kirkpatrick_1983,
  author  = {Rzadca K., Seredynski F.},
  journal = {IEEE Congress on Evolutionary Computation},
  title   = {Heterogeneous Multiprocessor Scheduling with Differential Evolution},
  volume  = {3},
  year    = {2005}
}

@online{Repository,
  author  = {Ilya Savitsky},
  title   = {multiprocessor-scheduling},
  url     = {https://github.com/ipsavitsky/greedy-scheduling},
  urldate = {2022-05-23}
}

@online{Hyperopt,
  title   = {Hyperopt: Distributed Asynchronous Hyper-parameter Optimization},
  url     = {http://hyperopt.github.io/hyperopt/},
  urldate = {2022-05-24}
}

@online{boost_framework,
  title   = {Boost C++ libraries},
  url     = {https://www.boost.org/},
  urldate = {2023-04-02}
}

@online{json_lib,
  title   = {JSON parsing library},
  url     = {https://github.com/nlohmann/json},
  urldate = {2023-04-02}
}

@online{toml11_lib,
  title   = {TOML parsing library},
  url     = {https://github.com/ToruNiina/toml11},
  urldate = {2023-04-02}
}

@online{METIS_lib,
  title   = {METIS library},
  url     = {https://github.com/KarypisLab/METIS},
  urldate = {2023-04-10}
}

@article{heterog_review,
  author = {Akbari, Mehdi and Rashidi, Hassan},
  year   = {2015},
  month  = {01},
  pages  = {192-202},
  title  = {AN EFFICIENT ALGORITHM FOR COMPILE-TIME TASK SCHEDULING PROBLEM ON HETEROGENEOUS COMPUTING SYSTEMS},
  doi    = {10.7813/2075-4124.2015/7-1/A.45}
}

@inproceedings{EDF_heur,
  author  = {Lupu, Irina and Courbin, Pierre and George, Laurent and Goossens, Joël},
  year    = {2010},
  month   = {09},
  pages   = {1-8},
  title   = {Multi-criteria evaluation of partitioning schemes for real-time systems},
  volume  = {abs/1004.3715},
  journal = {CoRR},
  doi     = {10.1109/ETFA.2010.5641218}
}

@inbook{Karypis2011,
  author    = {Karypis, George},
  editor    = {Padua, David},
  title     = {METIS and ParMETIS},
  booktitle = {Encyclopedia of Parallel Computing},
  year      = {2011},
  publisher = {Springer US},
  address   = {Boston, MA},
  pages     = {1117--1124},
  isbn      = {978-0-387-09766-4},
  doi       = {10.1007/978-0-387-09766-4_500},
  url       = {https://doi.org/10.1007/978-0-387-09766-4_500}
}

@inproceedings{Rahman2009BranchAB,
  title  = {Branch and Bound Algorithm for Multiprocessor Scheduling},
  author = {Mostafizur Rahman},
  year   = {2009}
}

@article{MAGIROU1989351,
  title    = {An algorithm for the multiprocessor assignment problem},
  journal  = {Operations Research Letters},
  volume   = {8},
  number   = {6},
  pages    = {351-356},
  year     = {1989},
  issn     = {0167-6377},
  doi      = {https://doi.org/10.1016/0167-6377(89)90022-9},
  url      = {https://www.sciencedirect.com/science/article/pii/0167637789900229},
  author   = {V.F. Magirou and J.Z. Milis},
  keywords = {multiprocessor assignment, computational complexity, branch-and-bound},
  abstract = {An exhaustive search algorithm is presented for the assignment of tasks to processors in a distributed processing system so that the sum of execution and communication costs is minimized. The algorithm relies on an efficient lower bound generated by reducing the original task graph to a tree, for which the optimization problem is polynomially solvable. It is also pointed out that the problem is NP-complete even in the case of 3 processors.}
}

@article{Dynamic_prog,
  author  = {Held, Michael and Karp, Richard M.},
  title   = {A Dynamic Programming Approach to Sequencing Problems},
  journal = {Journal of the Society for Industrial and Applied Mathematics},
  volume  = {10},
  number  = {1},
  pages   = {196-210},
  year    = {1962},
  doi     = {10.1137/0110015},
  url     = {https://doi.org/10.1137/0110015},
  eprint  = {https://doi.org/10.1137/0110015}
}

@article{Sheikh2016AnET,
  title   = {An Evolutionary Technique for Performance-Energy-Temperature Optimized Scheduling of Parallel Tasks on Multi-Core Processors},
  author  = {Hafiz Fahad Sheikh and Ishfaq Ahmad and Dongrui Fan},
  journal = {IEEE Transactions on Parallel and Distributed Systems},
  year    = {2016},
  volume  = {27},
  pages   = {668-681}
}

@unknown{Canon_2019,
  author = {Canon, Louis-Claude and Sayah, Mohamad and Héam, Pierre-Cyrille},
  year   = {2019},
  month  = {02},
  pages  = {},
  title  = {A Comparison of Random Task Graph Generation Methods for Scheduling Problems}
}